<record><leader>00000cas a22000007a 4500</leader><controlfield tag="001">24808006</controlfield><controlfield tag="008">911119c19689999nyuwr ne      0   a0eng d</controlfield><datafield ind1=" " ind2=" " tag="010"><subfield code="a">sn 92061622 </subfield></datafield><datafield ind1=" " ind2=" " tag="040"><subfield code="a">NYS</subfield><subfield code="b">eng</subfield><subfield code="c">NYS</subfield><subfield code="d">NSD</subfield><subfield code="d">OCLCQ</subfield></datafield><datafield ind1=" " ind2=" " tag="012"><subfield code="m">1</subfield></datafield><datafield ind1="1" ind2=" " tag="022"><subfield code="a">1059-5449</subfield><subfield code="l">1059-5449</subfield><subfield code="2">1</subfield></datafield><datafield ind1=" " ind2=" " tag="032"><subfield code="a">625660</subfield><subfield code="b">USPS</subfield></datafield><datafield ind1=" " ind2=" " tag="037"><subfield code="b">Windsor Standard, POB 208, Conklin, NY 13748</subfield></datafield><datafield ind1=" " ind2=" " tag="042"><subfield code="a">msc</subfield><subfield code="a">nsdp</subfield></datafield><datafield ind1="0" ind2=" " tag="130"><subfield code="a">Windsor standard (Windsor, N.Y. : 1968)</subfield></datafield><datafield ind1=" " ind2="4" tag="222"><subfield code="a">The Windsor standard</subfield></datafield><datafield ind1="1" ind2="4" tag="245"><subfield code="a">The Windsor standard.</subfield></datafield><datafield ind1=" " ind2=" " tag="260"><subfield code="a">Windsor, N.Y. :</subfield><subfield code="b">Lawrence J. Coleman</subfield></datafield><datafield ind1=" " ind2=" " tag="300"><subfield code="a">v. ;</subfield><subfield code="c">43 cm.</subfield></datafield><datafield ind1=" " ind2=" " tag="310"><subfield code="a">Weekly</subfield></datafield><datafield ind1="1" ind2=" " tag="362"><subfield code="a">Began in 1968.</subfield></datafield><datafield ind1=" " ind2=" " tag="500"><subfield code="a">Publishers: Lawrence J. Coleman, &lt;1968&gt;; David E. Baker, &lt;1977&gt;; Donald Einstein, &lt;1990&gt;.</subfield></datafield><datafield ind1=" " ind2=" " tag="500"><subfield code="a">" ... Official newspaper for the Town of Windsor ... [the] Village of Windsor, and the Town of Colesville," &lt;1992&gt;.</subfield></datafield><datafield ind1=" " ind2=" " tag="588"><subfield code="a">Description based on: Vol. 90, no. 2 (June 13, 1968).</subfield></datafield><datafield ind1=" " ind2="4" tag="651"><subfield code="a">Conklin (N.Y.)</subfield><subfield code="v">Newspapers.</subfield></datafield><datafield ind1=" " ind2="4" tag="651"><subfield code="a">Windsor (N.Y.)</subfield><subfield code="v">Newspapers.</subfield></datafield><datafield ind1=" " ind2="4" tag="651"><subfield code="a">Windsor (N.Y. : Town)</subfield><subfield code="v">Newspapers.</subfield></datafield><datafield ind1=" " ind2="4" tag="651"><subfield code="a">Colesville (N.Y. : Town)</subfield><subfield code="v">Newspapers.</subfield></datafield><datafield ind1=" " ind2=" " tag="752"><subfield code="a">United States</subfield><subfield code="b">New York</subfield><subfield code="c">Broome</subfield><subfield code="d">Conklin.</subfield></datafield><datafield ind1=" " ind2=" " tag="752"><subfield code="a">United States</subfield><subfield code="b">New York</subfield><subfield code="c">Broome</subfield><subfield code="d">Windsor.</subfield></datafield><datafield ind1="0" ind2="1" tag="780"><subfield code="t">Deposit courier and the Windsor standard</subfield><subfield code="w">(DLC)sn 92061620</subfield><subfield code="w">(OCoLC)24807634</subfield></datafield><datafield ind1="1" ind2=" " tag="029"><subfield code="a">AU@</subfield><subfield code="b">000025906695</subfield></datafield></record>